@article{Aagaard2004,
author = {Aagaard, M. and Lerche, D.},
file = {:home/philipp/.data/data/Mendeley Ltd./Mendeley Desktop/Downloaded/Aagaard, Lerche - 2004 - Realistic modelling of falling and accumulating snow.pdf:pdf},
institution = {Aalborg University},
journal = {Denmark: Aalborg University},
title = {{Realistic modelling of falling and accumulating snow}},
url = {http://www.cvmt.dk/Snow/ http://scholar.google.com/scholar?hl=en\&btnG=Search\&q=intitle:Realistic+Modelling+of+Falling+and+Accumulating+Snow\#0},
year = {2004}
}
@article{Blelloch1989,
author = {Blelloch, Guy E},
file = {:home/philipp/.data/data/Mendeley Ltd./Mendeley Desktop/Downloaded/Blelloch - 1989 - Scans as Primitive Parallel Operations.pdf:pdf},
number = {November},
title = {{Scans as Primitive Parallel Operations}},
year = {1989}
}
@article{Bolz2002,
author = {Bolz, Jeff and Schr, Peter},
file = {:home/philipp/.data/data/Mendeley Ltd./Mendeley Desktop/Downloaded/Bolz, Schr - 2002 - Sparse Matrix Solvers on the GPU Conjugate Gradients and Multigrid.pdf:pdf},
journal = {Notes},
keywords = {2001,conjugate gradient,fluid simulation,framebuffer,gpu computing,lindholm et al,mesh smoothing,multigrid,navier-stokes,numerical simulation,programmable vertex and fragment,sig-,the available repertoire increased,units,with the arrival of},
title = {{Sparse Matrix Solvers on the GPU : Conjugate Gradients and Multigrid}},
year = {2002}
}
@article{Bordignon,
annote = {- Beschreibt Boundary als Normalenvektoren statt booleans},
author = {Bordignon, Alex Laier and Tavares, Geovan},
file = {:home/philipp/.data/data/Mendeley Ltd./Mendeley Desktop/Downloaded/Bordignon, Tavares - Unknown - Real Time Fluid Dynamics on Programmable GPU with Arbitrary Boundaries and Vorticity Confinement.pdf:pdf},
journal = {Physics},
title = {{Real Time Fluid Dynamics on Programmable GPU with Arbitrary Boundaries and Vorticity Confinement}},
year = {2006}
}
@article{Bridson2007,
annote = {- Erkl\"{a}rt die numerical dissipation ganz gut},
author = {Bridson, Robert},
file = {:home/philipp/.data/data/Mendeley Ltd./Mendeley Desktop/Downloaded/Bridson - 2007 - Fluid simulation SIGGRAPH 2007 course notes.pdf:pdf},
journal = {ACM SIGGRAPH 2007 courses},
title = {{Fluid simulation: SIGGRAPH 2007 course notes}},
url = {http://portal.acm.org/citation.cfm?id=1281681},
year = {2007}
}
@article{Briggs,
author = {Briggs, William L and Mccormick, Steve},
file = {:home/philipp/.data/data/Mendeley Ltd./Mendeley Desktop/Downloaded/Briggs, Mccormick - Unknown - A Multigrid Tutorial part two.pdf:pdf},
journal = {Energy},
title = {{A Multigrid Tutorial part two}}
}
@article{Briggs2000,
annote = {Kernaussagen:
- Das diskretisierte L\"{o}sen partieller Differenzialgleichungen f\"{u}hrt zur L\"{o}sung linearer Gleichungssysteme mit Matrizen A, die symmetrisch und positiv definit sind.
- Die Konvergenz der vorgestellten Iterationsverfahren h\"{a}ngt von den Eigenvektoren/Eigenwerten von A ab.
- Der Fehler wird direkt von den Eigenwerten beeinflusst.
- Die Eigenvektoren von A sind Fourierkoeffizienten (sin/cos)
- Die vorgestellten Verfahren kommen gut mit den "hinteren", st\"{a}rker schwingenden Koeffizienten klar, daf\"{u}r aber nicht so gut mit den smoothen Anteilen.
- Vergr\"{o}bert man das Diskretisierungsgitter, sind die smoothen Anteile nicht mehr so smooth.},
author = {Briggs, WL},
file = {:home/philipp/.data/data/Mendeley Ltd./Mendeley Desktop/Downloaded/Briggs - 2000 - A multigrid tutorial.pdf:pdf},
journal = {Solutions},
title = {{A multigrid tutorial}},
url = {http://books.google.com/books?hl=en\&amp;lr=\&amp;id=SRAZwqAkrQMC\&amp;oi=fnd\&amp;pg=PA1\&amp;dq=A+Multigrid+Tutorial\&amp;ots=WLJF6dopff\&amp;sig=AmRWIr8WL8kAAsMPYQbgX7Ni3BI},
year = {2000}
}
@article{Burger2008,
author = {Burger, Wilhelm},
file = {:home/philipp/.data/data/Mendeley Ltd./Mendeley Desktop/Downloaded/Burger - 2008 - Gradientenbasierte Rauschfunktionen und Perlin Noise.pdf:pdf},
journal = {month},
publisher = {School of Informatics, Communications and Media, Upper},
title = {{Gradientenbasierte Rauschfunktionen und Perlin Noise}},
url = {http://staff.fh-hagenberg.at/burger/publications/reports/2008GradientNoise/Burger-GradientNoiseGerman-2008.pdf},
year = {2008}
}
@article{Canada1999,
author = {Canada, Transport and City, Atlantic},
file = {:tmp/1520-0450\%281999\%29038\%3C1542\%3Ateosru\%3E2\%2E0\%2Eco\%3B2.pdf:pdf},
journal = {Journal of Applied Meteorology and Climatology},
pages = {1542--1563},
title = {{The Estimation of Snowfall Rate Using Visibility National Weather Service in Aviation Routine Weather}},
year = {1999}
}
@article{Centre1998,
author = {Centre, Transportation Development and Canada, Transport},
file = {:tmp/12893e.pdf:pdf},
number = {November},
title = {{TP 12893E Theoretical Considerations in the Estimation of Snowfall Rate Using Visibility}},
year = {1998}
}
@article{Chen1998,
annote = {Viel zu physikalisch!},
author = {Chen, Shiyi and Doolen, G.D.},
file = {:home/philipp/.data/data/Mendeley Ltd./Mendeley Desktop/Downloaded/Chen, Doolen - 1998 - Lattice Boltzmann method for fluid flows.pdf:pdf},
journal = {Annual review of fluid mechanics},
keywords = {fluid flow simulation,lattice boltzmann method,mesoscopic approach},
number = {1},
pages = {329--364},
publisher = {Annual Reviews 4139 El Camino Way, PO Box 10139, Palo Alto, CA 94303-0139, USA},
title = {{Lattice Boltzmann method for fluid flows}},
url = {http://www.annualreviews.org/doi/abs/10.1146/annurev.fluid.30.1.329},
volume = {30},
year = {1998}
}
@article{Chorin1980,
author = {Chorin, a. J. and Marsden, J. E. and Leonard, a.},
doi = {10.1115/1.3153709},
file = {:home/philipp/.data/data/Mendeley Ltd./Mendeley Desktop/Downloaded/Chorin, Marsden, Leonard - 1980 - A Mathematical Introduction to Fluid Mechanics.pdf:pdf},
issn = {00218936},
journal = {Journal of Applied Mechanics},
number = {2},
pages = {460},
title = {{A Mathematical Introduction to Fluid Mechanics}},
url = {http://link.aip.org/link/JAMCAV/v47/i2/p460/s1\&Agg=doi},
volume = {47},
year = {1980}
}
@article{Crane2007,
author = {Crane, Keenan and Llamas, I. and Tariq, S.},
file = {:home/philipp/.data/data/Mendeley Ltd./Mendeley Desktop/Downloaded/Crane, Llamas, Tariq - 2007 - Real-time simulation and rendering of 3d fluids.pdf:pdf},
isbn = {0321515269},
journal = {GPU Gems},
number = {August 2007},
pages = {633--675},
title = {{Real-time simulation and rendering of 3d fluids}},
url = {http://www.geometry.caltech.edu/~keenan/pdf/rtsr3df.pdf},
volume = {3},
year = {2007}
}
@article{Eidissen2009,
author = {Eidissen, Robin},
file = {:home/philipp/.data/data/Mendeley Ltd./Mendeley Desktop/Downloaded/Eidissen - 2009 - Utilizing GPUs for Real-Time Visualization of Snow.pdf:pdf},
number = {February},
title = {{Utilizing GPUs for Real-Time Visualization of Snow}},
year = {2009}
}
@article{Fearing2000,
address = {New York, New York, USA},
author = {Fearing, Paul},
doi = {10.1145/344779.344809},
file = {:home/philipp/.data/data/Mendeley Ltd./Mendeley Desktop/Downloaded/Fearing - 2000 - Computer modelling of fallen snow.pdf:pdf},
isbn = {1581132085},
journal = {Proceedings of the 27th annual conference on Computer graphics and interactive techniques - SIGGRAPH '00},
keywords = {avalanches,natural phenomena,snow,stability},
pages = {37--46},
publisher = {ACM Press},
title = {{Computer modelling of fallen snow}},
url = {http://portal.acm.org/citation.cfm?doid=344779.344809},
year = {2000}
}
@article{Fedkiw2001,
author = {Fedkiw, Ronald and Stam, J},
file = {:home/philipp/.data/data/Mendeley Ltd./Mendeley Desktop/Downloaded/Fedkiw, Jensen - Unknown - Visual Simulation of Smoke u a c w v \& ¨ b c w v s i ! I r  \& y ¨ q u a ) a t q b p q ! c w v i \% ) ¨ hg Sf Se dc 8 s 6 r ( b ' b § X 4 (\# B ) £ Y I B ¨ H4 G \$ \# ( P F \# ( B.pdf:pdf},
journal = {of the 28th annual conference on},
keywords = {computational fluid dynamics,equations,euler,navier-stokes equations,participat-,semi-lagrangian methods,smoke,stable fluids,vorticity confinement},
title = {{Visual simulation of smoke}},
url = {http://citeseerx.ist.psu.edu/viewdoc/download?doi=10.1.1.113.1799\&amp;rep=rep1\&amp;type=pdf},
year = {2001}
}
@article{Feldman2003,
author = {Feldman, Bryan E and Brien, James F O},
journal = {Computer},
keywords = {combustion,computational,explosions,fire,fluid dynamics,natural phenomena,physically based ani-},
pages = {708--715},
title = {{Animating Suspended Particle Explosions}},
year = {2003}
}
@article{Foster1996,
annote = {- Modelliert Wasser und Wasseroberfl\"{a}che, daher nicht so relevant.},
author = {Foster, N},
doi = {10.1006/gmip.1996.0039},
file = {:home/philipp/.data/data/Mendeley Ltd./Mendeley Desktop/Downloaded/Foster - 1996 - Realistic Animation of Liquids.pdf:pdf},
issn = {10773169},
journal = {Graphical Models and Image Processing},
month = sep,
number = {5},
pages = {471--483},
title = {{Realistic Animation of Liquids}},
url = {http://linkinghub.elsevier.com/retrieve/pii/S1077316996900398},
volume = {58},
year = {1996}
}
@inproceedings{Foster,
author = {Foster, Nick and Dreamworks, P D I and Fedkiw, Ronald},
booktitle = {Proceedings of the 28th annual conference on Computer graphics and interactive techniques},
file = {:tmp/stanford2001-02.pdf:pdf},
keywords = {animation,computational fluid dynamics,implicit,level set,liquids,natural phenomena,navier-stokes,particles,semi-lagrangian,surface},
pages = {1--8},
title = {{Practical Animation of Liquids}},
year = {2001}
}
@inproceedings{Foster1997,
address = {New York, New York, USA},
annote = {- Gute Erkl\"{a}rung, wieso sich Gase so "turbulent" verhalten.
- Nutzt finite Differenzen.},
author = {Foster, Nick and Metaxas, Dimitris},
booktitle = {Proceedings of the 24th annual conference on Computer graphics and interactive techniques},
doi = {10.1145/258734.258838},
file = {:home/philipp/.data/data/Mendeley Ltd./Mendeley Desktop/Downloaded/Foster, Metaxas - 1997 - Modeling the motion of a hot, turbulent gas(2).pdf:pdf},
isbn = {0897918967},
keywords = {animation,convection,gaseous phenomena,laminar},
pages = {181--188},
publisher = {ACM Press/Addison-Wesley Publishing Co.},
title = {{Modeling the motion of a hot, turbulent gas}},
url = {http://portal.acm.org/citation.cfm?doid=258734.258838 http://portal.acm.org/citation.cfm?id=258838},
year = {1997}
}
@article{Goodnight2003,
author = {Goodnight, Nolan and Lewin, Gregory and Luebke, David and Skadron, Kevin},
file = {:home/philipp/.data/data/Mendeley Ltd./Mendeley Desktop/Downloaded/Goodnight et al. - 2003 - A Multigrid Solver for Boundary Value Problems Using Programmable Graphics Hardware.pdf:pdf},
journal = {Aerospace},
pages = {1--4},
title = {{A Multigrid Solver for Boundary Value Problems Using Programmable Graphics Hardware}},
year = {2003}
}
@article{Goodnight2003a,
author = {Goodnight, Nolan and Woolley, Cliff and Lewin, Gregory and Luebke, David and Humphreys, Greg},
file = {:home/philipp/.data/data/Mendeley Ltd./Mendeley Desktop/Downloaded/Goodnight et al. - 2003 - A Multigrid Solver for Boundary Value Problems Using Programmable Graphics Hardware(2).pdf:pdf},
pages = {1--11},
title = {{A Multigrid Solver for Boundary Value Problems Using Programmable Graphics Hardware}},
year = {2003}
}
@phdthesis{Hanesch1966,
author = {Hanesch, Monika},
file = {:home/philipp/.data/data/Mendeley Ltd./Mendeley Desktop/Downloaded/Hanesch - 1966 - Seit.pdf:pdf},
number = {13322},
school = {Swiss Federal Institute of Technologies, Z\"{u}rich},
title = {{Fall Velocity and Shape of Snowflakes}},
year = {1999}
}
@article{Harris2005b,
address = {New York, New York, USA},
author = {Harris, Mark},
doi = {10.1145/1198555.1198768},
file = {:home/philipp/.data/data/Mendeley Ltd./Mendeley Desktop/Downloaded/Harris - 2005 - GPU Primer Mapping Computational Concepts to GPUs.pdf:pdf},
journal = {ACM SIGGRAPH 2005 Courses on - SIGGRAPH '05},
pages = {50},
publisher = {ACM Press},
title = {{GPU Primer: Mapping Computational Concepts to GPUs}},
url = {http://portal.acm.org/citation.cfm?doid=1198555.1198768},
year = {2005}
}
@article{Harris2005a,
address = {New York, New York, USA},
annote = {- Erkl\"{a}rt sehr gut die Hodge-Dekomposition und das Verfahren, was daraus resultiert.
- Geht \"{u}berhaupt nicht auf Hindernisse ein
- Gute \"{U}bersicht \"{u}ber die Diskretisierung von Operatoren},
author = {Harris, Mark},
doi = {10.1145/1198555.1198790},
file = {:home/philipp/.data/data/Mendeley Ltd./Mendeley Desktop/Downloaded/Harris - 2005 - Fast fluid dynamics simulation on the GPU.pdf:pdf},
journal = {ACM SIGGRAPH 2005 Courses on - SIGGRAPH '05},
pages = {220},
publisher = {ACM Press},
title = {{Fast fluid dynamics simulation on the GPU}},
url = {http://portal.acm.org/citation.cfm?doid=1198555.1198790},
year = {2005}
}
@article{Harris2008,
author = {Harris, Mark},
file = {:home/philipp/.data/data/Mendeley Ltd./Mendeley Desktop/Downloaded/Harris - 2008 - Parallel Prefix Sum ( Scan ) with CUDA.pdf:pdf},
number = {January},
title = {{Parallel Prefix Sum (Scan) with CUDA}},
year = {2008}
}
@article{Harris2005,
address = {New York, New York, USA},
annote = {Besch\"{a}ftigt sich haupts\"{a}chlich damit, wie man die Grafikpipeline ummodelliert, um GPGPU-Operationen drauf auszuf\"{u}hren. Mit OpenCL daher \"{u}berfl\"{u}ssig.},
author = {Harris, Mark J. and Coombe, Greg and Scheuermann, Thorsten and Lastra, Anselmo},
doi = {10.1145/1198555.1198791},
file = {:home/philipp/.data/data/Mendeley Ltd./Mendeley Desktop/Downloaded/Harris et al. - 2005 - Physically-based visual simulation on graphics hardware.pdf:pdf},
journal = {ACM SIGGRAPH 2005 Courses on - SIGGRAPH '05},
keywords = {cml,coupled map lattice,graphics hardware,multipass rendering,reaction-diffusion,visual simulation},
pages = {221},
publisher = {ACM Press},
title = {{Physically-based visual simulation on graphics hardware}},
url = {http://portal.acm.org/citation.cfm?doid=1198555.1198791},
year = {2005}
}
@article{Harris2003,
author = {Harris, MJ and Baxter, WV and Scheuermann, T},
file = {:home/philipp/.data/data/Mendeley Ltd./Mendeley Desktop/Downloaded/Harris, Baxter, Scheuermann - 2003 - Simulation of cloud dynamics on graphics hardware.pdf:pdf},
keywords = {clouds,fluid dynamics,graphics hardware,light scattering,physically-based simulation},
title = {{Simulation of cloud dynamics on graphics hardware}},
url = {http://dl.acm.org/citation.cfm?id=844189},
year = {2003}
}
@article{Kilgariff2005,
address = {New York, New York, USA},
author = {Kilgariff, Emmett and Fernando, Randima},
doi = {10.1145/1198555.1198767},
file = {:home/philipp/.data/data/Mendeley Ltd./Mendeley Desktop/Downloaded/Kilgariff, Fernando - 2005 - GPU Primer The GeForce 6 Series GPU Architecture.pdf:pdf},
journal = {ACM SIGGRAPH 2005 Courses on - SIGGRAPH '05},
pages = {29},
publisher = {ACM Press},
title = {{GPU Primer: The GeForce 6 Series GPU Architecture}},
url = {http://portal.acm.org/citation.cfm?doid=1198555.1198767},
year = {2005}
}
@article{Kuzmin,
author = {Kuzmin, Dmitri},
file = {:home/philipp/.data/data/Mendeley Ltd./Mendeley Desktop/Downloaded/Kuzmin - Unknown - Introduction to CFD, Lecture 4.pdf:pdf},
title = {{Introduction to CFD, Lecture 4}}
}
@article{Laine2010,
author = {Laine, Samuli and Karras, T.},
file = {:home/philipp/.data/data/Mendeley Ltd./Mendeley Desktop/Downloaded/Laine, Karras - 2010 - Efficient Sparse Voxel Octrees–Analysis, Extensions, and Implementation\$\$.pdf:pdf},
number = {February},
pages = {1--30},
publisher = {NVIDIA Corporation\$\backslash\$},
title = {{Efficient Sparse Voxel Octrees–Analysis, Extensions, and Implementation}},
url = {http://www.tml.tkk.fi/~samuli/publications/laine2010tr1\_bibtex.html},
year = {2010}
}
@article{Langer2004,
author = {Langer, MS and Zhang, L and Klein, AW and Bhatia, A},
file = {:home/philipp/.data/data/Mendeley Ltd./Mendeley Desktop/Downloaded/Langer et al. - 2004 - A spectral-particle hybrid method for rendering falling snow.pdf:pdf},
journal = {Eurographics Symposium on Rendering},
title = {{A spectral-particle hybrid method for rendering falling snow}},
url = {http://cim.mcgill.ca/~langer/MY\_PAPERS/Langer-EGSR04.pdf},
year = {2004}
}
@article{Liebmann2008,
author = {Liebmann, Manfred},
file = {:tmp/SFB-Report-2008-025.pdf:pdf},
title = {{Comparing CUDA and OpenGL implementations for a Jacobi iteration}},
year = {2008}
}
@article{Li2005,
author = {Li, Wei and Fan, Zhe and Wei, Xiaoming and Kaufman, Arie},
file = {:home/philipp/.data/data/Mendeley Ltd./Mendeley Desktop/Downloaded/Li et al. - 2005 - GPU-based flow simulation with complex boundaries.pdf:pdf},
journal = {GPU Gems},
keywords = {boundary con-,flow simulation,gpu,voxelization},
pages = {747764},
publisher = {Citeseer},
title = {{GPU-based flow simulation with complex boundaries}},
url = {http://citeseerx.ist.psu.edu/viewdoc/download?doi=10.1.1.83.9113\&amp;rep=rep1\&amp;type=pdf},
volume = {2},
year = {2005}
}
@article{Maschinendatenverarbeitung,
annote = {Gute Erkl\"{a}rung der Basis des Verfahrens},
author = {Maschinendatenverarbeitung, Mathematische},
file = {:home/philipp/.data/data/Mendeley Ltd./Mendeley Desktop/Downloaded/Maschinendatenverarbeitung - Unknown - Lattice Boltzmann Simulation of Flow around moving Particles.pdf:pdf},
title = {{Lattice Boltzmann Simulation of Flow around moving Particles}},
volume = {10}
}
@article{Masselot1998,
author = {Masselot, A},
file = {:home/philipp/.data/data/Mendeley Ltd./Mendeley Desktop/Downloaded/Masselot - 1998 - A lattice Boltzmann model for particle transport and de-position.pdf:pdf},
journal = {Europhysics Letters},
number = {march},
title = {{A lattice Boltzmann model for particle transport and de-position}},
url = {http://citeseerx.ist.psu.edu/viewdoc/download?doi=10.1.1.25.9326\&amp;rep=rep1\&amp;type=pdf},
volume = {100},
year = {1998}
}
@article{Matthias2006,
author = {Matthias, M},
file = {:home/philipp/.data/data/Mendeley Ltd./Mendeley Desktop/Downloaded/Matthias - 2006 - Real-Time Eulerian Water Simulation Using a Restricted Tall Cell Grid.pdf:pdf},
keywords = {fluid simulation,multigrid,real time,tall cell grid},
title = {{Real-Time Eulerian Water Simulation Using a Restricted Tall Cell Grid}},
year = {2006}
}
@book{Meyer-Nieberg,
author = {Meyer-Nieberg, Peter},
file = {:home/philipp/.data/data/Mendeley Ltd./Mendeley Desktop/Downloaded/Meyer-Nieberg - Unknown - Skript zur Veranstaltung Analysis.pdf:pdf},
title = {{Skript zur Veranstaltung Analysis}}
}
@article{Moeslund2005,
author = {Moeslund, T B and Madsen, C B and Aagaard, M and Lerche, D},
file = {:home/philipp/.data/data/Mendeley Ltd./Mendeley Desktop/Downloaded/Moeslund et al. - 2005 - Modeling Falling and Accumulating Snow.pdf:pdf},
journal = {Media},
title = {{Modeling Falling and Accumulating Snow}},
url = {http://www.cvmt.dk/Snow/snow.pdf},
volume = {2},
year = {2005}
}
@article{Monitzer,
author = {Monitzer, Andreas},
file = {:tmp/monitzer\_2008\_FluSi-paper.pdf:pdf},
journal = {Simulation},
number = {0},
title = {{Fluid Simulation on the GPU with Complex Obstacles Using the Lattice Boltzmann Method Diplom-Ingenieur Fluid Simulation on the GPU with Complex Obstacles Using the Lattice Boltzmann Method}}
}
@article{Muraoka2000,
author = {Muraoka, K. and Chiba, N.},
doi = {10.1109/PADSW.2000.884537},
file = {:home/philipp/.data/data/Mendeley Ltd./Mendeley Desktop/Downloaded/Muraoka, Chiba - 2000 - Visual simulation of snowfall, snow cover and snowmelt.pdf:pdf},
isbn = {0-7695-0571-6},
journal = {Proceedings Seventh International Conference on Parallel and Distributed Systems: Workshops},
number = {4},
pages = {187--194},
publisher = {IEEE Comput. Soc},
title = {{Visual simulation of snowfall, snow cover and snowmelt}},
url = {http://ieeexplore.ieee.org/lpdocs/epic03/wrapper.htm?arnumber=884537},
year = {2000}
}
@article{Nooruddin2003,
author = {Nooruddin, FS},
file = {:home/philipp/.data/data/Mendeley Ltd./Mendeley Desktop/Downloaded/Nooruddin - 2003 - Simplification and repair of polygonal models using volumetric techniques.pdf:pdf},
journal = {Visualization and Computer Graphics,},
number = {2},
pages = {191--205},
title = {{Simplification and repair of polygonal models using volumetric techniques}},
url = {http://ieeexplore.ieee.org/xpls/abs\_all.jsp?arnumber=1196006},
volume = {9},
year = {2003}
}
@article{Owens2005,
author = {Owens, John},
file = {:home/philipp/.data/data/Mendeley Ltd./Mendeley Desktop/Downloaded/Owens - 2005 - GPU Primer Streaming Architectures and Technology Trends.pdf:pdf},
title = {{GPU Primer: Streaming Architectures and Technology Trends}},
year = {2005}
}
@article{Peschel2009,
author = {Peschel, Franz},
file = {:home/philipp/.data/data/Mendeley Ltd./Mendeley Desktop/Downloaded/Peschel - 2009 - Simulation und Visualisierung von Fluiden in einer Echtzeitanwendung mit Hilfe der GPU Studienarbeit.pdf:pdf},
journal = {Main},
number = {April},
title = {{Simulation und Visualisierung von Fluiden in einer Echtzeitanwendung mit Hilfe der GPU Studienarbeit}},
year = {2009}
}
@article{Saltvik2006,
author = {Saltvik, Ingar},
file = {:home/philipp/.data/data/Mendeley Ltd./Mendeley Desktop/Downloaded/Saltvik - 2006 - Parallel Methods for Real-Time Visualization of Snow.pdf:pdf},
number = {June},
title = {{Parallel Methods for Real-Time Visualization of Snow}},
year = {2006}
}
@phdthesis{Schreiber2010,
author = {Schreiber, Martin},
file = {:home/philipp/.data/data/Mendeley Ltd./Mendeley Desktop/Downloaded/Schreiber - 2010 - GPU based simulation and visualization of fluids with free surfaces.pdf:pdf},
title = {{GPU based simulation and visualization of fluids with free surfaces}},
url = {http://www.martin-schreiber.info/diplomathesis.html},
year = {2010}
}
@phdthesis{Schwarz2012,
author = {Schwarz, Manuel},
file = {:home/philipp/.data/data/Mendeley Ltd./Mendeley Desktop/Downloaded/Schwarz - 2012 - Institut f u AG Medieninformatik Prozedurale Modellierung von Schneedecken.pdf:pdf},
school = {Universit\"{a}t Osnabr\"{u}ck},
title = {{Prozedurale Modellierung von Schneedecken}},
type = {Bachelorarbeit},
year = {2012}
}
@article{Selle2008,
author = {Selle, Andrew and Fedkiw, Ronald and Kim, Byungmoon and Liu, Y. and Rossignac, J.},
file = {:home/philipp/.data/data/Mendeley Ltd./Mendeley Desktop/Downloaded/Selle et al. - 2008 - An unconditionally stable MacCormack method.pdf:pdf},
journal = {Journal of Scientific Computing},
number = {2},
pages = {350--371},
publisher = {Springer},
title = {{An unconditionally stable MacCormack method}},
url = {http://www.springerlink.com/index/9252536103441187.pdf},
volume = {35},
year = {2008}
}
@inproceedings{Stam2003,
author = {Stam, Jos},
booktitle = {Proceedings of the Game Developer Conference},
file = {:home/philipp/.data/data/Mendeley Ltd./Mendeley Desktop/Downloaded/Stam - 2003 - Real-time fluid dynamics for games.pdf:pdf},
publisher = {Citeseer},
title = {{Real-time fluid dynamics for games}},
url = {http://citeseerx.ist.psu.edu/viewdoc/download?doi=10.1.1.12.6736\&amp;rep=rep1\&amp;type=pdf},
volume = {18},
year = {2003}
}
@inproceedings{Stam1999,
address = {New York, New York, USA},
annote = {- Gute Erkl\"{a}rung Hodge-Decomposition und die Poissongleichung.
- Nutzt (zum ersten Mal?) keine finiten Differenzen sondern ein stabiles Verfahren.},
author = {Stam, Jos},
booktitle = {Proceedings of the 26th annual conference on Computer graphics and interactive techniques},
doi = {10.1145/311535.311548},
file = {:home/philipp/.data/data/Mendeley Ltd./Mendeley Desktop/Downloaded/Stam - 1999 - Stable fluids.pdf:pdf},
isbn = {0201485605},
keywords = {advected textures,animation of fluids,ena,gaseous phenom-,im-,interactive modeling,navier-stokes,plicit elliptic pde solvers,stable solvers},
pages = {121--128},
publisher = {ACM Press/Addison-Wesley Publishing Co.},
title = {{Stable fluids}},
url = {http://portal.acm.org/citation.cfm?doid=311535.311548 http://portal.acm.org/citation.cfm?id=311548},
year = {1999}
}
@article{Steinhoff1994,
author = {Steinhoff, John and Underhill, David},
file = {:tmp/vorticityconfinement.pdf:pdf},
number = {8},
title = {{Modification of the Euler equations for "vorticity confinement": Application to the computation of interacting vortex rings}},
volume = {6},
year = {1994}
}
@article{Taxb2004,
author = {Taxb, Jesper Molbech},
file = {:home/philipp/.data/data/Mendeley Ltd./Mendeley Desktop/Downloaded/Taxb - 2004 - Real-time explosions based on uid dynamics.pdf:pdf},
journal = {Processing},
keywords = {explosions,general processing on graphics,gpgpu,ics,processing unit,real-time,uid dynam-},
number = {April},
title = {{Real-time explosions based on uid dynamics}},
year = {2004}
}
@article{Wai2006,
annote = {- Erw\"{a}hnt "open boundaries" und die Condition darauf.},
author = {Wai, Alan and Woo, Lun},
file = {:home/philipp/.data/data/Mendeley Ltd./Mendeley Desktop/Downloaded/Wai, Woo - 2006 - Realistic Smoke Simulation Using A Frustum Aligned Grid.pdf:pdf},
journal = {Simulation},
number = {April},
title = {{Realistic Smoke Simulation Using A Frustum Aligned Grid}},
year = {2006}
}
@article{Wei,
author = {Wei, Xiaoming and Li, Wei and Mueller, Klaus and Kaufman, Arie and Brook, Stony},
file = {:home/philipp/.data/data/Mendeley Ltd./Mendeley Desktop/Downloaded/Wei et al. - Unknown - The Lattice-Boltzmann Method for Gaseous Phenomena.pdf:pdf},
journal = {New York},
number = {Cvc},
pages = {1--40},
title = {{The Lattice-Boltzmann Method for Gaseous Phenomena}}
}
@article{Wu2004,
author = {Wu, Enhua and Liu, Youquan and Liu, Xuehui},
doi = {10.1002/cav.16},
file = {:home/philipp/.data/data/Mendeley Ltd./Mendeley Desktop/Downloaded/Wu, Liu, Liu - 2004 - An improved study of real-time fluid simulation on GPU.pdf:pdf},
issn = {1546-4261},
journal = {Computer Animation and Virtual Worlds},
keywords = {fluid simulation,gpu,graphics hardware,nses,programmability,real-time},
month = jul,
number = {34},
pages = {139--146},
title = {{An improved study of real-time fluid simulation on GPU}},
url = {http://doi.wiley.com/10.1002/cav.16},
volume = {15},
year = {2004}
}
@article{Xxxxxxxx,
annote = {- Benutzt nicht ganz semilagragian, sondern so was \"{a}hnliches wie MacCormack: Ein mehrstufiges Verfahren
- Erkl\"{a}rung, was "unconditionally stable" ist.},
author = {Xxxxxxxx, Xxxxxxxx},
file = {:home/philipp/.data/data/Mendeley Ltd./Mendeley Desktop/Downloaded/Xxxxxxxx - Unknown - Adding Vorticity Confinement and Internal Obstacles to a Stable Smoke Solver.pdf:pdf},
journal = {Representations},
keywords = {boundary condi-,buoyancy,computational fluid dynamics,navier-stokes equations,stable fluids,tions,vorticity confinement},
title = {{Adding Vorticity Confinement and Internal Obstacles to a Stable Smoke Solver}}
}
@misc{Guide2012,
file = {:home/philipp/.data/data/Mendeley Ltd./Mendeley Desktop/Downloaded/Unknown - 2012 - NVidia Cuda C Programming Guide.pdf:pdf},
title = {{NVidia Cuda C Programming Guide}},
year = {2012}
}
@article{,
file = {:home/philipp/.data/data/Mendeley Ltd./Mendeley Desktop/Downloaded/Unknown - 2009 - NVIDIA OpenCL Best Practices Guide.pdf:pdf},
journal = {Optimization},
title = {{NVIDIA OpenCL Best Practices Guide}},
year = {2009}
}
@misc{,
file = {:home/philipp/.data/data/Mendeley Ltd./Mendeley Desktop/Downloaded/Unknown - Unknown - 4013.djvu:djvu},
title = {4013}
}
@article{,
file = {:home/philipp/.data/data/Mendeley Ltd./Mendeley Desktop/Downloaded/Unknown - 2010 - OpenCL Programming Guide for the CUDA Architecture.pdf:pdf},
title = {{OpenCL Programming Guide for the CUDA Architecture}},
year = {2010}
}
