@ONLINE{
  binvox2012,
  author = {Min, Patrick},
  title = {binvox voxelization tool},
  year = {2012},
  howpublished={\url{http://www.google.com/search?q=binvox}},
}
